<record><leader>00000cas a22000007a 4500</leader><controlfield tag="001">27321917</controlfield><controlfield tag="008">930126d192519uuwyuwr ne      0    0eng d</controlfield><datafield ind1=" " ind2=" " tag="010"><subfield code="a">sn 93070026 </subfield></datafield><datafield ind1=" " ind2=" " tag="040"><subfield code="a">NVO</subfield><subfield code="b">eng</subfield><subfield code="c">NVO</subfield><subfield code="d">OCLCQ</subfield></datafield><datafield ind1=" " ind2=" " tag="042"><subfield code="a">msc</subfield></datafield><datafield ind1="0" ind2="0" tag="245"><subfield code="a">Green River news.</subfield></datafield><datafield ind1=" " ind2=" " tag="260"><subfield code="a">Green River, Wyo. :</subfield><subfield code="b">E.L. Williams</subfield></datafield><datafield ind1=" " ind2=" " tag="300"><subfield code="a">v.</subfield></datafield><datafield ind1=" " ind2=" " tag="310"><subfield code="a">Weekly</subfield></datafield><datafield ind1="0" ind2=" " tag="362"><subfield code="a">Vol. 1, no. 1 (Sept. 2, 1925)-</subfield></datafield><datafield ind1=" " ind2=" " tag="515"><subfield code="a">Added numbering of The Glenrock gazette with: News Vol. 1, no. 4 (Sept. 25, 1925)=Gazette v. 10, no. 32.</subfield></datafield><datafield ind1=" " ind2="4" tag="651"><subfield code="a">Green River (Wyo.)</subfield><subfield code="v">Newspapers.</subfield></datafield><datafield ind1=" " ind2="4" tag="651"><subfield code="a">Sweetwater County (Wyo.)</subfield><subfield code="v">Newspapers.</subfield></datafield><datafield ind1=" " ind2=" " tag="752"><subfield code="a">United States</subfield><subfield code="b">Wyoming</subfield><subfield code="c">Sweetwater</subfield><subfield code="d">Green River.</subfield></datafield><datafield ind1="0" ind2="5" tag="780"><subfield code="t">Glenrock gazette</subfield><subfield code="w">(DLC)sn 92067085</subfield></datafield><datafield ind1="1" ind2=" " tag="029"><subfield code="a">AU@</subfield><subfield code="b">000020715047</subfield></datafield></record>